% bibliografia
@book{womak:effective-java,
    author = {J. Bloch},
    title = {Effective java},
    publisher = {Pearson},
    year = {2009}
}
@book{womak:design-pattern,
    authors = {E. Gamma R. Helm R. Johnson J. Vlissides},
    title = {Design Patterns},
    date = {2002},
    publisher = {Pearson}
}


% siti web visitati
@online{site:stackoverflow.com,
    title = {StackOverflow},
    url = {https://stackoverflow.com/}
}
@online{site:www.baeldung.com,
    title = {Baeldung},
    url = {https://www.baeldung.com/}
}
@online{site:owasp,
    title = {Owasp},
    url = {https://owasp.org/www-project-mobile-top-10/},
}
@online{site:it.wikipedia.org,
    title = {Wikipedia},
    url = {it.wikipedia.org/wiki},
}
@online{site:ssdl,
    author = {Imola Informatica},
    title = {Secure Software Developmente Lifecycle},
    url = {https://www.slideshare.net/imolainformatica/secure-software-development-lifecycle-devoxx-ma-2018},
}
@online{site:security-best-practice,
    author = {Code Dx. INC},
    title = {Secure coding best practices},
    url = {https://codedx.com/blog/10-secure-coding-best-practices/a},
}
